<?xml version="1.0" encoding="UTF-8"?><collection xmlns="http://www.loc.gov/MARC21/slim"><record><leader>00554nam--2200193-u-4500</leader><controlfield tag="001">000052656</controlfield><controlfield tag="002">20161230</controlfield><controlfield tag="005">20161230201050</controlfield><controlfield tag="008">101001s1000------------r-----000-0-rus-d</controlfield><datafield ind1=" " ind2=" " tag="040"><subfield code="a">IFIN-HH</subfield></datafield><datafield ind1=" " ind2=" " tag="041"><subfield code="a">rus</subfield></datafield><datafield ind1=" " ind2=" " tag="080"><subfield code="a">533.9</subfield></datafield><datafield ind1="1" ind2=" " tag="100"><subfield code="a">Chen, Francis F</subfield></datafield><datafield ind1="1" ind2="0" tag="245"><subfield code="a">Vvedenie v fiziku plazmi</subfield><subfield code="c">Francis F. Chen</subfield></datafield><datafield ind1=" " ind2=" " tag="260"><subfield code="a">Moskva</subfield><subfield code="b">Mir</subfield><subfield code="c">1987</subfield></datafield><datafield ind1=" " ind2=" " tag="300"><subfield code="a">398 p</subfield></datafield><datafield ind1=" " ind2=" " tag="500"><subfield code="a">Titlul original in lb. engleza: Introduction to plasma Physics and Controlled Fusion Volume 1: Plasma Physics</subfield></datafield><datafield ind1=" " ind2=" " tag="852"><subfield code="a">74553</subfield><subfield code="c">533.9</subfield></datafield><datafield ind1=" " ind2=" " tag="CAT"><subfield code="a">Sys</subfield><subfield code="c">20101001</subfield><subfield code="h">183343</subfield></datafield></record></collection>